@book{Xenakis,
  title={Arts/Sciences: Alloys},
  author={Xenakis, Iannis},
  year={1985},
  publisher={Pendragon Press},
  address={New York, NY},
}

@book{Ferneyhough,
  title={The Collected Writings of Brian Ferneyhough},
  author={Ferneyhough, Brian},
  year={1998},
  publisher={Routledge},
  address={New York, NY},
}

@book{Nono,
  title={Nostalgia for the Future: Luigi Nono's Selected Writings},
  author={Nono, Luigi},
  year={2018},
  publisher={University of California Press},
  address={Oakland, CA},
}

\DefineBibliographyStrings{american}{phdthesis = {PhD dissertation}}
@phdthesis{Oberholtzer,
    title    = {A Computational Model of Music Composition},
    school   = {Harvard University},
    author   = {Oberholtzer, Josiah W.},
    year     = {2015},
}

@book{Besada,
  title={Metamodels in Compositional Practices: The Case of Alberto Posadas's \textit{Liturgia Fractal}},
  author={Jos√© L. Besada},
  year={2017},
  publisher={Editions DELATOUR FRANCE/Ircam-Centre Pompidou},
  address={Paris, France},
}